@inproceedings{he2016deep,
  title={Deep residual learning for image recognition},
  author={He, Kaiming and Zhang, Xiangyu and Ren, Shaoqing and Sun, Jian},
  booktitle={IEEE conference on computer vision and pattern recognition},
  pages={770--778},
  year={2016}
}

@article{aloise2009np,
	title={{NP}-hardness of {E}uclidean sum-of-squares clustering},
	author={Aloise, Daniel and Deshpande, Amit and Hansen, Pierre and Popat, Preyas},
	journal={Machine Learning},
	volume={75},
	number={2},
	pages={245--248},
	year={2009},
	publisher={Springer}
}


@inproceedings{arora1998approximation,
	title={Approximation schemes for {E}uclidean k-medians and related problems},
	author={Arora, Sanjeev and Raghavan, Prabhakar and Rao, Satish},
	booktitle={Annual {ACM} Symposium on Theory of Computing (STOC)},
	year={1998}
}

@inproceedings{belkin2001laplacian,
	title={Laplacian eigenmaps and spectral techniques for embedding and clustering},
	author={Belkin, Mikhail and Niyogi, Partha},
	booktitle={Advances in Neural Information Processing Systems (NIPS)},
	year={2001}
}


@article{belkin2018understand,
  title={To understand deep learning we need to understand kernel learning},
  author={Belkin, Mikhail and Ma, Siyuan and Mandal, Soumik},
  journal={arXiv preprint arXiv:1802.01396},
  year={2018}
}

